=LDR  06754aam a22010091i 4500
=001  019605935
=003  Uk
=005  20191204014142.0
=006  m\\\\||\\d\|\\\\\\
=007  cr\|||||||||||
=008  191105s2019\\\\sz\a\\\\o\\\\\101\0\eng\d
=FMT  \\$a  BK
=015  \\$aGBB9I7463$2bnb
=020  \\$a9783030341398$q(electronic bk.)
=020  \\$a3030341399$q(electronic bk.)
=020  \\$z9783030341381$q(print)
=024  7\$a10.1007/978-3-030-34139-8$2doi
=037  \\$acom.springer.onix.9783030341398$bSpringer Nature
=040  \\$aGW5XE$beng$cGW5XE$dEBLCP$dUk$erda$epn
=042  \\$aukblsr
=050  \4$aQA76.585
=082  04$a004.67/82$223
=111  2\$aSmartCom (Conference : Smart computing and communication)$n(4th :$d2019 :$cBirmingham, England)
=245  10$aSmart computing and communication :$b4th International Conference, SmartCom 2019, Birmingham, UK, October 11-13, 2019, Proceedings /$cMeikang Qiu (eds.).
=246  3\$aSmartCom 2019
=264  \1$aCham, Switzerland :$bSpringer,$c2019.
=300  \\$a1 online resource (xiv, 412 pages) :$billustrations (some color).
=336  \\$atext$2rdacontent
=337  \\$acomputer$2rdamedia
=338  \\$aonline resource$2rdacarrier
=490  1\$aLecture notes in computer science ;$v11910
=490  1\$aLNCS sublibrary. SL 3, Information systems and applications, incl. Internet/Web, and HCI
=500  \\$aInternational conference proceedings.
=500  \\$aIncludes author index.
=505  0\$aIntro; Preface; Organization; Contents; A Survey of Deep Learning Applied to Story Generation; Abstract; 1 Introduction; 2 Story-Generating Probabilistic Models; 2.1 Theme-Oriented Models; 2.2 Storyline-Oriented Models; 2.3 Human-Machine Interaction-Oriented Models; 3 Comparison of Story-Generating Probabilistic Models; 4 Challenges and Future Directions; 5 Conclusion; Acknowledgment; References; A Smart Roll Wear Check Scheme for Ensuring the Rolling Quality of Steel Plates; Abstract; 1 Introduction; 2 Image Preprocessing Methods for Roll Wear Morphology
=505  8\$a2.1 Roll Wear Surface Morphology Images2.2 Image Preprocessing Methods; 3 SRWC Scheme: Smart Roll Wear Check Scheme; 3.1 Feature Extraction of Roll Wear Morphology Images; 3.2 Fractal Behavior; 4 Recognition Model Based on Neural Network; 5 Conclusion; References; An Improved Prediction Model for the Network Security Situation; Abstract; 1 Introduction; 2 Building a Predictive Model; 3 MapReduce Distributed Training; 4 SVM Classification; 5 SVM Parameter Selection; 6 Experimental Simulation and Results Analysis; 6.1 Experimental Data Set; 6.2 Model Validation Experiment
=505  8\$a6.3 Experimental Results and Analysis7 Conclusions; Acknowledgements; References; A Quantified Accuracy Measurement Based Localization Algorithm for Autonomous Underwater Vehicles; Abstract; 1 Introduction; 2 Quantified Accuracy Measurement Based Localization Algorithm -- QuAMeL; 2.1 Algorithm Overview; 2.2 Initial Status; 2.3 The Underwater Navigation Status; 2.4 Broadcast Coordinate and Accuracy Index Information; 2.5 Coordinate and Accuracy Index Update; 3 Features of the Algorithm; 3.1 The Updating Process of Coordinate and Accuracy Index; 4 Performance Evaluation; 4.1 Simulation Settings
=505  8\$a4.2 The Average Updating Times via GPS5 Conclusion; Acknowledgement; References; An Improved Assessment Method for the Network Security Risk; Abstract; 1 Introduction; 2 I-HMM Model Parameters; 2.1 Observed Sequence Acquisition; 2.2 Parameter Estimation Algorithm; 3 Calculation of Network Security Risk Value; 4 Experimental Results and Analysis; 4.1 Experimental Environment Construction; 4.2 Experimental Data Collection and Processing; 5 Conclusion; References; A High-Performance Storage System Based with Dual RAID Engine; Abstract; 1 Introduction; 2 DSH Implementation
=505  8\$a2.1 Software Algorithm Implementation2.2 DSH Communication Framework; 3 Experiment Analysis; 4 Future Work; References; An Universal Perturbation Generator for Black-Box Attacks Against Object Detectors; 1 Instruction; 2 Related Work; 2.1 Universal Adversarial Perturbation; 2.2 Fast Feature Fool; 3 Threat Model; 4 Approaches; 4.1 Generation Process of Universal Perturbation; 4.2 Attack Against Object Detectors; 5 Evaluation; 5.1 Setup; 5.2 Success Rate; 6 Conclusions; References; A Brief Survey on Cyber Security Attack Entrances and Protection Strategies of Intelligent Connected Vehicle
=588  0\$aOnline resource; title from PDF title page (SpringerLink, viewed November 5, 2019).
=540  \\$aCurrent copyright fee: GBP19.00$c42\0$5Uk
=650  \0$aCloud computing$vCongresses.
=650  \0$aComputer security$vCongresses.
=650  \0$aComputer networks$vCongresses.
=655  \0$aElectronic books.
=655  \4$aElectronic books.
=700  1\$aQiu, Meikang,$eeditor.
=830  \0$aLecture notes in computer science ;$v11910.
=830  \0$aLNCS sublibrary.$nSL 3,$pInformation systems and applications, incl. Internet/Web, and HCI.
=859  \\$aELD$bebook
=884  \\$aLDL ebooks ONIX to marcxml transformation using Record_Load-eBooks_Legal_Deposit_onix2marc_v2-1.xsl$g20191105$kcom.springer.onix.9783030341398$qUk
=889  \\$a(OCoLC)1126315840
=856  \\$31850-9999$uhttp://link.springer.com/$xBLDSS
=852  49$aBritish Library$bDSC$j5180.185000
=852  71$aBritish Library$bSTI$k(P)$hPL 50$m-E(30)$2blsrissc
=852  71$aBritish Library$bSTI$k(TP)$hPL 50$m-E(30)$2blsrissc
=852  \\$aBritish Library$bHMNTS$cDRT$jELD.DS.469068
=BUF  1\$aN$d20191118
=CAT  \\$aBATCH-EBKN$b00$c20191108$lBLL01$h0214
=CAT  \\$aEBKS-FXD$c20191108$lBLL01$h0221
=CAT  \\$aBATCH$b00$c20191108$lBLL01$h0221
=CAT  \\$aBATCH-UPEB$b00$c20191118$lBLL01$h1700
=CAT  \\$aBATCH-UPD$b00$c20191118$lBLL01$h1705
=CAT  \\$a8411$b40$c20191126$lBLL01$h1730
=CAT  \\$aBATCH-CLA$b00$c20191127$lBLL01$h0131
=CAT  \\$aBLDSS-3PM$b00$c20191203$lBLL01$h1407
=CAT  \\$aBATCH-UPD$b00$c20191203$lBLL01$h1408
=CAT  \\$aBATCH-UNOA$c20191203$lBLL01$h2249
=CAT  \\$aBATCH-CLA$b00$c20191204$lBLL01$h0141
=CFI  0\$aCurrent copyright fee: GBP19.00$c42\0$e01-jul-2018$fGBP19.00$g0$hP$5Uk
=FFP  \\$aY$bBLDSS-3PM
=FIN  \\$aY$d20191118
=DRT  \\$aLD-ebooks
=SRC  \\$aCollection Metadata
=UNO  \\$aY
=ONS  \7$aCOM$x004000$2bisacsh
=ONS  \7$aCOM$x032000$2bisacsh
=ONS  \7$aCOM$x043050$2bisacsh
=ONS  \7$aCOM$x012000$2bisacsh
=ONS  \7$aUYQ$2bicssc
=ONS  \7$aUNH$2bicssc
=ONS  \7$aUTN$2bicssc
=ONS  \7$aUYT$2bicssc
=ONS  \7$aCOM$x075000$2bisacsh
=ONS  \7$aUKN$2bicssc
=ONX  \\$aCH
=LAS  \\$aBATCH-CLA$b00$c20191204$lBLL01$h0141

