=LDR  03222cam a22008891a 4500
=001  017997776
=003  Uk
=005  20211231154736.0
=006  m\\\\||\\d\|\\\\\\
=007  cr\|||||||||||
=008  160827s2015\\\\pau\\\\\ob\\\\001\0\eng\d
=FMT  \\$a  BK
=015  \\$aGBB6I9771$2bnb
=020  \\$a9780323395649$q(electronic bk.)
=020  \\$a0323395643$q(electronic bk.)
=037  \\$a9780323395649$bIngram Content Group
=040  \\$aEBLCP$beng$cEBLCP$dN{dollar}T$dOCLCO$dUk
=042  \\$aukblsr
=050  \4$aRC932
=072  \7$aMED$x100000$2bisacsh
=072  \7$aMED$x045000$2bisacsh
=072  \7$aMED$x083000$2bisacsh
=082  04$a616.722$223
=245  00$aHallux rigidus$h[electronic resource] /$ceditor, Eric Giza ; consulting editor, Mark S. Myerson.
=260  \\$aPhiladelphia :$bElsevier,$c2015.
=300  \\$a1 online resource.
=336  \\$atext$2rdacontent
=337  \\$acomputer$2rdamedia
=338  \\$aonline resource$2rdacarrier
=490  1\$aFoot and ankle clinics,$x1083-7515 ;$vv. 20, no. 3.
=500  \\$a"Clinics review articles"--Cover.
=500  \\$a"September 2015."
=504  \\$aIncludes bibliographical references and index.
=588  0\$aOnline resource, title from PDF title page (EBSCO, viewed October 26, 2016)
=540  \\$aCurrent copyright fee: GBP34.30$c5\1$5Uk
=650  \0$aJoints$xDiseases$xSurgery.
=650  \0$aFoot$xAbnormalities$xSurgery.
=650  \0$aArthritis$xSurgery.
=650  \7$aMEDICAL / Podiatry$2bisacsh
=650  \7$aMEDICAL / Internal Medicine$2bisacsh
=650  \7$aMEDICAL / Rheumatology$2bisacsh
=655  \4$aElectronic books.
=700  1\$aGiza, Eric,$eeditor.
=700  1\$aMyerson, Mark S.,$eeditor.
=830  \0$aFoot and ankle clinics ;$vv. 20, no. 3.
=859  \\$aELD$bebook
=889  \\$a(OCoLC)956277681
=856  \\$31850-9999$uhttp://www.sciencedirect.com/$xBLDSS
=852  41$aBritish Library$bDSC$j3984.854000
=852  \\$aBritish Library$bHMNTS$cDRT$jELD.DS.85620
=BUF  1\$aN$d20161121
=CAT  \\$aBATCH-EBKN$b00$c20160905$lBLL01$h0201
=CAT  \\$aBATCH-UPD$b00$c20160905$lBLL01$h0201
=CAT  \\$aEBKS-FXD$c20160905$lBLL01$h0208
=CAT  \\$aBATCH$b00$c20160905$lBLL01$h0209
=CAT  \\$aBATCH-UPEB$b00$c20161121$lBLL01$h1721
=CAT  \\$a8874$b40$c20210812$lBLL01$h0756
=CAT  \\$aBATCH-CLA$b00$c20210813$lBLL01$h0104
=CAT  \\$aBLDSS-3PM$b00$c20210817$lBLL01$h0856
=CAT  \\$aBATCH-UPD$b00$c20210817$lBLL01$h0909
=CAT  \\$aBATCH-CLA$b00$c20210818$lBLL01$h0117
=CAT  \\$aBATCH-UPD$b00$c20211119$lBLL01$h1603
=CAT  \\$aBATCH-CLA$b00$c20211120$lBLL01$h0144
=CAT  \\$aBATCH-CLA$b00$c20211120$lBLL01$h0216
=CAT  \\$aIPL-CLA$c20211231$lBLL01$h1547
=CFI  0\$aCurrent copyright fee: GBP34.30$c5\1$e01-jan-2022$fGBP34.30$g0$hP$5Uk
=CFI  2\$aPrevious copyright fee: GBP32.84$c5\1$e01-jul-2019$fGBP32.84$g0$hP$5Uk
=FFP  \\$aY$bBLDSS-3PM
=FIN  \\$aY$d20161121
=DRT  \\$aLD-ebooks
=SRC  \\$aIngrams
=TCO  \\$aTRS$bCCC$c008
=ONS  \7$aMED$x065000$2bisacsh
=ONS  \7$aMED$b085000$2bisacsh
=ONS  \7$aMED$b100000$2bisacsh
=ONX  \\$aUS
=LAS  \\$aIPL-CLA$b00$c20211231$lBLL01$h1547

