=LDR  06314cam a22009611i 4500
=001  017166275
=003  Uk
=005  20191026012524.0
=006  m\\\\||\\d\|\\\\\\
=007  cr\|||||||||||
=008  150417s2015\\\\ne\\\\\\o||||\000|0|eng|d
=FMT  \\$a  BK
=015  \\$aGBB552883$2bnb
=020  \\$a9780444595188 (PDF ebook) :$c£109.99
=020  \\$z9780444595171 (hbk.) :$c£109.99
=037  \\$a9780444595188$bIngram Content Group
=040  \\$aStDuBDS$beng$cStDuBDS$dUk$erda$epn
=042  \\$aukblsr
=082  04$a330.91732$223
=245  00$aHandbook of regional and urban economics.$nVolume 5A /$cedited by Gilles Duranton, Vernon Henderson, William Strange.
=264  \1$aAmsterdam :$bNorth Holland,$c2015.
=300  \\$a1 online resource.
=336  \\$atext$2rdacontent
=337  \\$acomputer$2rdamedia
=338  \\$aonline resource$2rdacarrier
=588  \\$aDescription based on CIP data; item not viewed.
=505  0\$a<p><b>Volume 5A</b></p><U> <p>Section I: Empirical Methods</p></U> <p>1. Causal Inference in Urban Economics; <i>Nathaniel Baum-Snow and Fernando Ferreira</p></i> <p>2. Structural Estimation in Urban and Regional Economics; <i>Thomas J. Holmes and Holger Sieg</p></i> <p>3. Spatial Methods; <i>Stephen Gibbons, Henry G. Overman and Eleonora Patacchini</p></i><U> <p>Section II: Agglomeration and Urban Spatial Structure</p></U> <p>4. Agglomeration Theory; <i>Kristian Behrens and Frederic Robert-Nicoud</p></i> <p>5. The Empirics of Agglomeration; <i>Pierre-Philippe Combes and Laurent Gobillon</p></i> <p>6. Agglomeration and Innovation; <i>Gerald Carlino and William Robert Kerr</p></i> <p>7. The Role of the Amenities (Environmental and Otherwise) in Shaping Cities<i>; Matthew Edwin Kahn and Randall Phillip Walsh</p></i> <p>8. Urban Land Use; <i>Gilles Duranton and Diego Puga</p></i> <p>9. Neighbourhood versus Network Effects; <i>Giorgio Topa and Yves Zenou</p></i> <p>10. Immigration and the Economy of Cities and Regions; <i>Ethan Lewis and Giovanni Peri</p></i> <b> <p>Volume 5B</p></b><U> <p>Section I: Housing and Real Estate</p></U> <p>11. Housing Bubbles; <i>Edward Glaeser and Charles G. Nathanson</p></i> <p>12. Housing, Finance, and the Macroeconomy; <i>Morris A. Davis and Stijn Van Nieuwerburgh</p></i> <p>13. Microstructure of Housing Markets: <i>Search, Bargaining, and Brokerage; Lu Han and William Strange</p></i> <p>14. United States Housing Policies; <i>Edgar Olsen and Jeffrey Zabel</p></i> <p>15. How Mortgage Finance Affects the Urban Landscape; <i>Andrew Haughwout, Joseph Tracy and Sewin Chan</p></i> <p>16. Cycles and Persistence in the Economic Status of Neighborhoods and Cities; <i>Stuart Rosenthal and Stephen Ross</p></i><U> <p>Section II: Applied Urban Economics</p></U> <p>17. Taxes in Cities: Interdependence, Asymmetry, and Agglomeration<i>; Marius Brulhart, Sam Bucovetsky and Kurt Schmidheiny </p></i> <p>18. Place Based Policies; <i>David Neumark and Helen Simpson</p></i> <p>19. Regulation and Housing Supply; <i>Joseph Gyourko and Raven Molloy</p></i> <p>20. Transportation Costs and the Spatial Organization of Economic Activity; <i>Stephen J. Redding and Matthew Turner</p></i> <p>21. Cities in Developing Countries: Fueled by Rural-Urban Migration, Lacking in Tenure Security, and Short of Affordable Housing; <i>Jan Brueckner and Somik Lall</p></i> <p>22. The Geography of Development within Countries; <i>Klaus Desmet and J. Vernon Henderson</p></i> <p>23. Urban Crime; <i>Brendan O'Flaherty and Rajiv Sethi</p></i>
=540  \\$aCurrent copyright fee: GBP19.00$c42\0$5Uk
=650  \0$aUrban economics.
=650  \0$aRegional economics.
=690  7\$aManagement and Business Studies$2blcoll
=700  10$aDuranton, Gilles,$eeditor.
=700  1\$aHenderson, J. Vernon,$eeditor.
=700  1\$aStrange, William,$eeditor.
=776  08$iPrint version:$z9780444595171
=859  \\$aELD$bebook
=856  \\$31850-9999$uhttp://link.springer.com/$xBLDSS
=852  41$aBritish Library$bDSC$j5748.201800$qLOST (V0L 1304)
=852  \\$aBritish Library$bHMNTS$cDRT$jELD.DS.31520
=916  \\$a700/2=NEW
=CAT  \\$aBATCH-CIPN$b00$c20150421$lBLL01$h1708
=CAT  \\$aBATCH-CLA$b00$c20151222$lBLL01$h0130
=CAT  \\$aBATCH-UPD$b00$c20160217$lBLL01$h1854
=CAT  \\$aBATCH-CLA$b00$c20160218$lBLL01$h0324
=CAT  \\$aIPL-CLA$c20160331$lBLL01$h1819
=CAT  \\$aBATCH$b00$c20160420$lBLL01$h1818
=CAT  \\$aBATCH-CLA$b00$c20160421$lBLL01$h0123
=CAT  \\$aBATCH-UPD$b00$c20160518$lBLL01$h1115
=CAT  \\$aBATCH-UPD$b00$c20160524$lBLL01$h2256
=CAT  \\$aBATCH-UPD$b00$c20160824$lBLL01$h1912
=CAT  \\$aIPL-CLA$c20160930$lBLL01$h1643
=CAT  \\$aW1611-0866$c20161123$lBLL01$h1755
=CAT  \\$aBATCH-CLA$b00$c20161124$lBLL01$h0121
=CAT  \\$aBATCH-UPD$b00$c20170216$lBLL01$h1956
=CAT  \\$aIPL-CLA$c20170331$lBLL01$h1923
=CAT  \\$aBATCH-UPD$b00$c20170904$lBLL01$h2025
=CAT  \\$aIPL-CLA$c20170929$lBLL01$h1808
=CAT  \\$aBATCH-UPD$b00$c20180223$lBLL01$h1924
=CAT  \\$aIPL-CLA$c20180331$lBLL01$h1712
=CAT  \\$aBATCH-UPD$b00$c20180524$lBLL01$h1806
=CAT  \\$aIPL-CLA$c20180630$lBLL01$h1942
=CAT  \\$aBATCH$c20191017$lBLL01$h1546
=CAT  \\$aBATCH-UPD$b00$c20191017$lBLL01$h1612
=CAT  \\$aBATCH-CLA$b00$c20191018$lBLL01$h0110
=CAT  \\$aBATCH-MBS$c20191025$lBLL01$h2144
=CAT  \\$aBATCH-CLA$b00$c20191026$lBLL01$h0125
=CFI  0\$aCurrent copyright fee: GBP19.00$c42\0$e01-jul-2018$fGBP19.00$g0$hP$5Uk
=FFP  \\$aY$bBLDSS-3PM
=FIN  \\$aY$d20191017
=DRT  \\$aLD-ebooks
=TCO  \\$aNLD$bSTICHTING REPRORECHT$c008
=UNO  \\$aY
=ONX  \\$aNL
=ONS  \7$aBUS$x021000$2bisacsh
=ONS  \7$aBUS$b039000$2bisacsh
=ONS  \7$aBUS$b069000$2bisacsh
=ONS  \7$aBUS$b044000$2bisacsh
=ONS  \7$aBUS$b054000$2bisacsh
=ONS  \\$tHousing and Real Estate; Transportation Economics; Land Use; Urban Public Economics; Agglomeration Theory$2Subject Keywords
=ACF  \\$aPrevious copyright fee: GBP22.19$c42\0$e01-oct-2016$fGBP22.19$g0$hP$5Uk
=ACF  \\$aPrevious copyright fee: GBP23.96$c42\0$e01-apr-2017$fGBP23.96$g0$hP$5Uk
=ACF  \\$aPrevious copyright fee: GBP23.04$c42\0$e01-oct-2017$fGBP23.04$g0$hP$5Uk
=LAS  \\$aBATCH-CLA$b00$c20191026$lBLL01$h0125

